<?xml version="1.0" encoding="UTF-8"?><collection xmlns="http://www.loc.gov/MARC21/slim"><record><leader>00730nam--2200205-u-4500</leader><controlfield tag="001">000054935</controlfield><controlfield tag="002">20161230</controlfield><controlfield tag="005">20161230201051</controlfield><controlfield tag="008">120706s1000------------r-----000-0-eng-d</controlfield><datafield ind1=" " ind2=" " tag="020"><subfield code="a">0306408198</subfield></datafield><datafield ind1=" " ind2=" " tag="040"><subfield code="a">IFIN-HH</subfield></datafield><datafield ind1=" " ind2=" " tag="080"><subfield code="a">539.184.3:548.73(061.3)</subfield></datafield><datafield ind1="1" ind2=" " tag="100"><subfield code="a">Fabian, Derek J</subfield></datafield><datafield ind1="1" ind2="0" tag="245"><subfield code="a">Inner-shell and x-ray physics of atoms and solids</subfield><subfield code="b">International conference on x-ray processes and inner-shell ionization (1980 : stirling, central region, scotland)</subfield><subfield code="c">Derek j. fabian, hans kleinpoppen, lewis m. watson (eds.)</subfield></datafield><datafield ind1=" " ind2=" " tag="260"><subfield code="a">New York</subfield><subfield code="b">Plenum Press</subfield><subfield code="c">1981</subfield></datafield><datafield ind1=" " ind2=" " tag="300"><subfield code="a">950P</subfield></datafield><datafield ind1=" " ind2=" " tag="490"><subfield code="a">Physics Of Atoms And Molecules</subfield></datafield><datafield ind1="1" ind2=" " tag="700"><subfield code="a">Watson, Lewis M</subfield><subfield code="e">Ed</subfield></datafield><datafield ind1=" " ind2=" " tag="852"><subfield code="a">70204</subfield><subfield code="c">539.18</subfield></datafield><datafield ind1=" " ind2=" " tag="CAT"><subfield code="a">Sys</subfield><subfield code="c">20120706</subfield><subfield code="h">134132</subfield></datafield></record></collection>